@online {google_guidline,
    title = "Google's material design color guidline",
    date = "2015",
    url = "https://material.io/guidelines/style/color.html"
}

@online {developers_android,
    title = "Android Developers references and guides",
    date = "2018",
    url = "https://developer.android.com/index.html"
}

@online {scrapy_docs,
    title = "Scrapy 1.5 documentation",
    date = "2018",
    url = "http://scrapy.readthedocs.io/en/latest/index.html"
}

@online {vue,
  title  = {Vue.js},
  date   = {2018-02-10},
  url    = {https://vuejs.org/}
}
@online {localstorage,
  title = {Window.localStorage - Интерфейсы веб API | MDN},
  date = {2018-02-13},
  url = {https://developer.mozilla.org/ru/docs/Web/API/Window/localStorage}
}
@online {sequelize,
  title = {Manual |  Sequelize | The node.js ORM for PostgreSQL, MySQL, SQLite and MSSQL},
  date = {2018-03-05},
  url = {http://docs.sequelizejs.com}
}
@online {caniuse,
  title = {Can I use... Support tables for HTML5, CSS3, etc},
  date = {2018-04-07},
  url = {https://caniuse.com/#search=bootstrap}
}
